@article{greenwade93,
    author  = "George D. Greenwade",
    title   = "The {C}omprehensive {T}ex {A}rchive {N}etwork ({CTAN})",
    year    = "1993",
    journal = "TUGBoat",
    volume  = "14",
    number  = "3",
    pages   = "342--351"
}

@misc{business_dashboard,
  title = {Business dashboard},
  howpublished = {\url{https://en.wikipedia.org/wiki/Dashboard_(business)}},
  note = {Accessed: 02-10-2017}
}

@misc{kpis_def,
  title = {KPIs definition},
  howpublished = {\url{https://en.wikipedia.org/wiki/Performance_indicator}},
  note = {Accessed: 02-10-2017}
}

@misc{performance_dashboards,
  title = {Performance Dashboards},
  howpublished = {\url{http://download.101com.com/pub/tdwi/files/performancedashboards.pdf}},
  note = {Accessed: 04-10-2017}
}


@misc{business_dashboards,
  title = {Business Dashboards},
  howpublished = {\url{https://www.klipfolio.com/guide-to-business-dashboards}},
  note = {Accessed: 10-10-2017}
}